@online{site:sap-erp-wiki,
    title   = {SAP ERP},
    url     = {https://it.wikipedia.org/wiki/SAP_ERP/}
}

@online{site:sap-b1,
    title   = {SAP B1},
    url     = {https://help.sap.com/viewer/product/SAP_BUSINESS_ONE/10.0/en-US/}
}

@online{site:sap-b1-features,
    title   = {SAP B1 Features},
    url     = {https://www.sap.com/italy/products/business-one/features.html/}
}

@online{site:sap-b1-wikipedia,
    title   = {SAP B1 Wikipedia},
    url     = {https://www.sap.com/italy/products/business-one/features.html/}
}

@online{site:xamarin,
    title   = {Xamarin},
    url     = {https://dotnet.microsoft.com/apps/xamarin/}
}